<record><leader>00000cas a22000007a 4500</leader><controlfield tag="001">9507439</controlfield><controlfield tag="008">830513d185u1858nyudn ne      0    0eng d</controlfield><datafield ind1=" " ind2=" " tag="010"><subfield code="a">sn 83030370 </subfield></datafield><datafield ind1=" " ind2=" " tag="040"><subfield code="a">NPU</subfield><subfield code="b">eng</subfield><subfield code="c">NPU</subfield><subfield code="d">NPV</subfield><subfield code="d">NPX</subfield><subfield code="d">YOX</subfield><subfield code="d">NYG</subfield><subfield code="d">NYS</subfield><subfield code="d">MFN</subfield><subfield code="d">NYS</subfield><subfield code="d">NVF</subfield><subfield code="d">IUL</subfield><subfield code="d">OCL</subfield><subfield code="d">MUM</subfield><subfield code="d">KRTAS</subfield><subfield code="d">UKMGB</subfield><subfield code="d">OCLCQ</subfield><subfield code="d">OCLCF</subfield><subfield code="d">OCLCO</subfield></datafield><datafield ind1="7" ind2=" " tag="016"><subfield code="a">013914221</subfield><subfield code="2">Uk</subfield></datafield><datafield ind1=" " ind2=" " tag="042"><subfield code="a">msc</subfield></datafield><datafield ind1=" " ind2=" " tag="043"><subfield code="a">n-us-ny</subfield></datafield><datafield ind1=" " ind2="4" tag="050"><subfield code="a">AN53.N4</subfield><subfield code="b">E9</subfield></datafield><datafield ind1=" " ind2=" " tag="052"><subfield code="a">3804</subfield><subfield code="b">N4</subfield></datafield><datafield ind1="0" ind2=" " tag="130"><subfield code="a">New York day book (New York, N.Y. : 1855)</subfield></datafield><datafield ind1="1" ind2="0" tag="245"><subfield code="a">New York day book.</subfield></datafield><datafield ind1=" " ind2=" " tag="260"><subfield code="a">New York [N.Y.] :</subfield><subfield code="b">N.R. Stimson</subfield></datafield><datafield ind1=" " ind2=" " tag="300"><subfield code="a">v.</subfield></datafield><datafield ind1=" " ind2=" " tag="310"><subfield code="a">Daily (except Sunday)</subfield></datafield><datafield ind1="1" ind2=" " tag="362"><subfield code="a">Ceased with May 30, 1858 issue.</subfield></datafield><datafield ind1=" " ind2=" " tag="530"><subfield code="a">Also issued on microfilm from the New York Public Library.</subfield></datafield><datafield ind1=" " ind2=" " tag="588"><subfield code="a">Description based on: Vol. 6, no. 244 (May 8, 1855).</subfield></datafield><datafield ind1=" " ind2="0" tag="651"><subfield code="a">New York (N.Y.)</subfield><subfield code="v">Newspapers.</subfield></datafield><datafield ind1=" " ind2="7" tag="655"><subfield code="a">Newspapers.</subfield><subfield code="2">fast</subfield><subfield code="0">(OCoLC)fst01423814</subfield></datafield><datafield ind1=" " ind2="7" tag="651"><subfield code="a">New York (State)</subfield><subfield code="z">New York.</subfield><subfield code="2">fast</subfield><subfield code="0">(OCoLC)fst01204333</subfield></datafield><datafield ind1=" " ind2=" " tag="752"><subfield code="a">United States</subfield><subfield code="b">New York</subfield><subfield code="c">New York</subfield><subfield code="d">New York.</subfield></datafield><datafield ind1="0" ind2=" " tag="775"><subfield code="t">Weekly day book (New York, N.Y.)</subfield><subfield code="w">(DLC)sn 83030368</subfield><subfield code="w">(OCoLC)9572495</subfield></datafield><datafield ind1="0" ind2="0" tag="780"><subfield code="t">Day book (New York, N.Y.)</subfield><subfield code="w">(DLC)sn 83030371</subfield><subfield code="w">(OCoLC)9580241</subfield></datafield><datafield ind1="0" ind2="0" tag="785"><subfield code="t">New York evening day-book</subfield><subfield code="w">(DLC)sn 84024375</subfield><subfield code="w">(OCoLC)10636238</subfield></datafield><datafield ind1=" " ind2=" " tag="938"><subfield code="a">Kirtas Technologies, Inc.</subfield><subfield code="b">KRTS</subfield><subfield code="n">736656</subfield></datafield></record>